@inbook{amir,
  title={Implication via Spacetime},
  author={Tabatabai, Amirhossein Akbar},
  booktitle={Mathematics, Logic, and Their Philosophies: Essays in Honour of Mohammad Ardeshir},
  series={Logic, Epistemology, and the Unity of Science},
  volume={49},
  pages={161 -- 216},
  year={2021},
  publisher={Springer Nature}
}

@article{Lyndon1959AnIT,
  title={An interpolation theorem in the predicate calculus.},
  author={Roger Lyndon},
  journal={Pacific Journal of Mathematics},
  year={1959},
  volume={9},
  pages={129-142}
}